@inproceedings{Guo2009,
 author = {Guo, Lei and Tan, Enhua and Chen, Songqing and Zhang, Xiaodong and Zhao, Yihong (Eric)},
 title = {Analyzing Patterns of User Content Generation in Online Social Networks},
 booktitle = {Proceedings of the 15th ACM SIGKDD International Conference on Knowledge Discovery and Data Mining},
 series = {KDD '09},
 year = {2009},
 isbn = {978-1-60558-495-9},
 location = {Paris, France},
 pages = {369--378},
 numpages = {10},
 url = {http://doi.acm.org/10.1145/1557019.1557064},
 doi = {10.1145/1557019.1557064},
 acmid = {1557064},
 publisher = {ACM},
 address = {New York, NY, USA},
 keywords = {social networks, stretched exponential distribution, user generated content (ugc)},
} 

@inproceedings{Lo2017,
 author = {Lo, Caroline and Cheng, Justin and Leskovec, Jure},
 title = {Understanding Online Collection Growth Over Time: A Case Study of Pinterest},
 booktitle = {Proceedings of the 26th International Conference on World Wide Web Companion},
 series = {WWW '17 Companion},
 year = {2017},
 isbn = {978-1-4503-4914-7},
 location = {Perth, Australia},
 pages = {545--554},
 numpages = {10},
 url = {https://doi.org/10.1145/3041021.3054189},
 doi = {10.1145/3041021.3054189},
 acmid = {3054189},
 publisher = {International World Wide Web Conferences Steering Committee},
 address = {Republic and Canton of Geneva, Switzerland},
 keywords = {board growth, collection growth, collections, content discovery, content discovery application, pins, pinterest},
}

@inproceedings{Ribeiro2014,
 author = {Ribeiro, Bruno},
 title = {Modeling and Predicting the Growth and Death of Membership-based Websites},
 booktitle = {Proceedings of the 23rd International Conference on World Wide Web},
 series = {WWW '14},
 year = {2014},
 isbn = {978-1-4503-2744-2},
 location = {Seoul, Korea},
 pages = {653--664},
 numpages = {12},
 url = {http://doi.acm.org/10.1145/2566486.2567984},
 doi = {10.1145/2566486.2567984},
 acmid = {2567984},
 publisher = {ACM},
 address = {New York, NY, USA},
 keywords = {DAU, non-equilibrium statistical physics, online social dynamics},
} 

@inproceedings{Backstrom2006,
 author = {Backstrom, Lars and Huttenlocher, Dan and Kleinberg, Jon and Lan, Xiangyang},
 title = {Group Formation in Large Social Networks: Membership, Growth, and Evolution},
 booktitle = {Proceedings of the 12th ACM SIGKDD International Conference on Knowledge Discovery and Data Mining},
 series = {KDD '06},
 year = {2006},
 isbn = {1-59593-339-5},
 location = {Philadelphia, PA, USA},
 pages = {44--54},
 numpages = {11},
 url = {http://doi.acm.org/10.1145/1150402.1150412},
 doi = {10.1145/1150402.1150412},
 acmid = {1150412},
 publisher = {ACM},
 address = {New York, NY, USA},
 keywords = {diffusion of innovations, on-line communities, social networks},
} 

@inproceedings{Kumar2010,
 author = {Kumar, Ravi and Lifshits, Yury and Tomkins, Andrew},
 title = {Evolution of Two-sided Markets},
 booktitle = {Proceedings of the Third ACM International Conference on Web Search and Data Mining},
 series = {WSDM '10},
 year = {2010},
 isbn = {978-1-60558-889-6},
 location = {New York, New York, USA},
 pages = {311--320},
 numpages = {10},
 url = {http://doi.acm.org/10.1145/1718487.1718526},
 doi = {10.1145/1718487.1718526},
 acmid = {1718526},
 publisher = {ACM},
 address = {New York, NY, USA},
 keywords = {coalitions, equilibrium, preferential attachment, two-sided markets},
} 


@article{bala2000,
    author = {Bala, Venkatesh and Goyal, Sanjeev},
    citeulike-article-id = {310701},
    journal = {Econometrica},
    keywords = {networking, networks, tie-formation},
    number = {5},
    pages = {1181--1229},
    posted-at = {2005-09-02 06:20:20},
    priority = {0},
    title = {{A Noncooperative Model of Network Formation}},
    volume = {68},
    year = {2000}
}







@ARTICLE{bowman:reasoning,
    author = {Bowman, Mic and Debray, Saumya K. and Peterson, Larry L.},
    title = {Reasoning About Naming Systems},
    journal = {ACM Trans. Program. Lang. Syst.},
    volume = {15},
    number = {5},
    pages = {795-825},
    month = {November},
    year = {1993},
    doi = {10.1145/161468.161471},
}

@ARTICLE{braams:babel,
    author = {Braams, Johannes},
    title = {Babel, a Multilingual Style-Option System for Use with LaTeX's Standard Document Styles},
    journal = {TUGboat},
    volume = {12},
    number = {2},
    pages = {291-301},
    month = {June},
    year = {1991},
}

@INPROCEEDINGS{clark:pct,
	AUTHOR = "Malcolm Clark",
	TITLE = "Post Congress Tristesse",
	BOOKTITLE = "TeX90 Conference Proceedings",
	PAGES = "84-89",
	ORGANIZATION = "TeX Users Group",
	MONTH = "March", 
	YEAR = {1991}	}

@ARTICLE{herlihy:methodology,
    author = {Herlihy, Maurice},
    title = {A Methodology for Implementing Highly Concurrent Data Objects},
    journal = {ACM Trans. Program. Lang. Syst.},
    volume = {15},
    number = {5},
    pages = {745-770},
    month = {November},
    year = {1993},
    doi = {10.1145/161468.161469},
}

@BOOK{Lamport:LaTeX,
	AUTHOR = "Leslie Lamport",
	TITLE = "LaTeX User's Guide and Document Reference Manual",
	PUBLISHER = "Addison-Wesley Publishing Company",
	ADDRESS = "Reading, Massachusetts",
	YEAR = "1986"	}

@BOOK{salas:calculus,
	AUTHOR = "S.L. Salas and Einar Hille",
	TITLE = "Calculus: One and Several Variable",
	PUBLISHER = "John Wiley and Sons",
	ADDRESS = "New York",
	YEAR = "1978"	}

@MANUAL{Fear05,
  title = 	 {Publication quality tables in {\LaTeX}},
  author =	 {Simon Fear},
  month =	 {April},
  year =	 2005,
  note =	 {\url{http://www.ctan.org/pkg/booktabs}}
}

@Manual{Amsthm15,
  title = 	 {Using the amsthm Package},
  organization = {American Mathematical Society},
  month =	 {April},
  year =	 2015,
  note =	 {\url{http://www.ctan.org/pkg/amsthm}}
}

