@inproceedings{Ribeiro2014,
 author = {Ribeiro, Bruno},
 title = {Modeling and Predicting the Growth and Death of Membership-based Websites},
 booktitle = {Proceedings of the 23rd International Conference on World Wide Web},
 series = {WWW '14},
 year = {2014},
 isbn = {978-1-4503-2744-2},
 location = {Seoul, Korea},
 pages = {653--664},
 numpages = {12},
 url = {http://doi.acm.org/10.1145/2566486.2567984},
 doi = {10.1145/2566486.2567984},
 acmid = {2567984},
 publisher = {ACM},
 address = {New York, NY, USA},
 keywords = {DAU, non-equilibrium statistical physics, online social dynamics},
} 

@inproceedings{Kumar2010,
 author = {Kumar, Ravi and Lifshits, Yury and Tomkins, Andrew},
 title = {Evolution of Two-sided Markets},
 booktitle = {Proceedings of the Third ACM International Conference on Web Search and Data Mining},
 series = {WSDM '10},
 year = {2010},
 isbn = {978-1-60558-889-6},
 location = {New York, New York, USA},
 pages = {311--320},
 numpages = {10},
 url = {http://doi.acm.org/10.1145/1718487.1718526},
 doi = {10.1145/1718487.1718526},
 acmid = {1718526},
 publisher = {ACM},
 address = {New York, NY, USA},
 keywords = {coalitions, equilibrium, preferential attachment, two-sided markets},
} 


@ARTICLE{bowman:reasoning,
    author = {Bowman, Mic and Debray, Saumya K. and Peterson, Larry L.},
    title = {Reasoning About Naming Systems},
    journal = {ACM Trans. Program. Lang. Syst.},
    volume = {15},
    number = {5},
    pages = {795-825},
    month = {November},
    year = {1993},
    doi = {10.1145/161468.161471},
}

@ARTICLE{braams:babel,
    author = {Braams, Johannes},
    title = {Babel, a Multilingual Style-Option System for Use with LaTeX's Standard Document Styles},
    journal = {TUGboat},
    volume = {12},
    number = {2},
    pages = {291-301},
    month = {June},
    year = {1991},
}

@INPROCEEDINGS{clark:pct,
	AUTHOR = "Malcolm Clark",
	TITLE = "Post Congress Tristesse",
	BOOKTITLE = "TeX90 Conference Proceedings",
	PAGES = "84-89",
	ORGANIZATION = "TeX Users Group",
	MONTH = "March", 
	YEAR = {1991}	}

@ARTICLE{herlihy:methodology,
    author = {Herlihy, Maurice},
    title = {A Methodology for Implementing Highly Concurrent Data Objects},
    journal = {ACM Trans. Program. Lang. Syst.},
    volume = {15},
    number = {5},
    pages = {745-770},
    month = {November},
    year = {1993},
    doi = {10.1145/161468.161469},
}

@BOOK{Lamport:LaTeX,
	AUTHOR = "Leslie Lamport",
	TITLE = "LaTeX User's Guide and Document Reference Manual",
	PUBLISHER = "Addison-Wesley Publishing Company",
	ADDRESS = "Reading, Massachusetts",
	YEAR = "1986"	}

@BOOK{salas:calculus,
	AUTHOR = "S.L. Salas and Einar Hille",
	TITLE = "Calculus: One and Several Variable",
	PUBLISHER = "John Wiley and Sons",
	ADDRESS = "New York",
	YEAR = "1978"	}

@MANUAL{Fear05,
  title = 	 {Publication quality tables in {\LaTeX}},
  author =	 {Simon Fear},
  month =	 {April},
  year =	 2005,
  note =	 {\url{http://www.ctan.org/pkg/booktabs}}
}

@Manual{Amsthm15,
  title = 	 {Using the amsthm Package},
  organization = {American Mathematical Society},
  month =	 {April},
  year =	 2015,
  note =	 {\url{http://www.ctan.org/pkg/amsthm}}
}

